@article{raissi2019physics,
  title={Physics-informed neural networks: A deep learning framework for solving forward and inverse problems involving nonlinear partial differential equations},
  author={Raissi, Maziar and Perdikaris, Paris and Karniadakis, George E},
  journal={Journal of Computational Physics},
  volume={378},
  pages={686--707},
  year={2019},
  publisher={Elsevier}
}

@article{jagtap2020extended,
  title={Extended physics-informed neural networks (xpinns): A generalized space-time domain decomposition based deep learning framework for nonlinear partial differential equations},
  author={Jagtap, Ameya D and Karniadakis, George Em},
  journal={Communications in Computational Physics},
  volume={28},
  number={5},
  pages={2002--2041},
  year={2020}
}

@article{meng2020ppinn,
  title={PPINN: Parareal physics-informed neural network for time-dependent PDEs},
  author={Meng, Xuhui and Li, Zhen and Zhang, Dongkun and Karniadakis, George Em},
  journal={Computer Methods in Applied Mechanics and Engineering},
  volume={370},
  pages={113250},
  year={2020},
  publisher={Elsevier}
}

@article{yang2021b,
  title={B-PINNs: Bayesian physics-informed neural networks for forward and inverse PDE problems with noisy data},
  author={Yang, Liu and Meng, Xuhui and Karniadakis, George Em},
  journal={Journal of Computational Physics},
  volume={425},
  pages={109913},
  year={2021},
  publisher={Elsevier}
}

@article{yang2018physics,
  title={Physics-informed generative adversarial networks for stochastic differential equations},
  author={Yang, Liu and Zhang, Dongkun and Karniadakis, George Em},
  journal={arXiv preprint arXiv:1811.02033},
  year={2018}
}

@article{pang2019fpinns,
  title={fPINNs: Fractional physics-informed neural networks},
  author={Pang, Guofei and Lu, Lu and Karniadakis, George Em},
  journal={SIAM Journal on Scientific Computing},
  volume={41},
  number={4},
  pages={A2603--A2626},
  year={2019},
  publisher={SIAM}
}

@article{zhang2019quantifying,
  title={Quantifying total uncertainty in physics-informed neural networks for solving forward and inverse stochastic problems},
  author={Zhang, Dongkun and Lu, Lu and Guo, Ling and Karniadakis, George Em},
  journal={Journal of Computational Physics},
  volume={397},
  pages={108850},
  year={2019},
  publisher={Elsevier}
}

@article{tipireddy2019comparative,
  title={A comparative study of physics-informed neural network models for learning unknown dynamics and constitutive relations},
  author={Tipireddy, Ramakrishna and Perdikaris, Paris and Stinis, Panos and Tartakovsky, Alexandre},
  journal={arXiv preprint arXiv:1904.04058},
  year={2019}
}

@article{jagtap2020adaptive,
  title={Adaptive activation functions accelerate convergence in deep and physics-informed neural networks},
  author={Jagtap, Ameya D and Kawaguchi, Kenji and Karniadakis, George Em},
  journal={Journal of Computational Physics},
  volume={404},
  pages={109136},
  year={2020},
  publisher={Elsevier}
}

@article{jagtap2020locally,
  title={Locally adaptive activation functions with slope recovery for deep and physics-informed neural networks},
  author={Jagtap, Ameya D and Kawaguchi, Kenji and Em Karniadakis, George},
  journal={Proceedings of the Royal Society A},
  volume={476},
  number={2239},
  pages={20200334},
  year={2020},
  publisher={The Royal Society}
}

@article{kharazmi2019variational,
  title={Variational physics-informed neural networks for solving partial differential equations},
  author={Kharazmi, Ehsan and Zhang, Zhongqiang and Karniadakis, George Em},
  journal={arXiv preprint arXiv:1912.00873},
  year={2019}
}

@article{wang2020understanding,
  title={Understanding and mitigating gradient pathologies in physics-informed neural networks},
  author={Wang, Sifan and Teng, Yujun and Perdikaris, Paris},
  journal={arXiv preprint arXiv:2001.04536},
  year={2020}
}

@article{kharazmi2021hp,
  title={hp-VPINNs: Variational physics-informed neural networks with domain decomposition},
  author={Kharazmi, Ehsan and Zhang, Zhongqiang and Karniadakis, George Em},
  journal={Computer Methods in Applied Mechanics and Engineering},
  volume={374},
  pages={113547},
  year={2021},
  publisher={Elsevier}
}

@article{mcclenny2020self,
  title={Self-adaptive physics-informed neural networks using a soft attention mechanism},
  author={McClenny, Levi and Braga-Neto, Ulisses},
  journal={arXiv preprint arXiv:2009.04544},
  year={2020}
}

@article{lou2020physics,
  title={Physics-informed neural networks for solving forward and inverse flow problems via the Boltzmann-BGK formulation},
  author={Lou, Qin and Meng, Xuhui and Karniadakis, George Em},
  journal={arXiv preprint arXiv:2010.09147},
  year={2020}
}

@article{shukla2021parallel,
  title={Parallel physics-informed neural networks via domain decomposition},
  author={Shukla, Khemraj and Jagtap, Ameya D and Karniadakis, George Em},
  journal={arXiv preprint arXiv:2104.10013},
  year={2021}
}

@article{cai2021physics,
  title={Physics-informed neural networks (PINNs) for fluid mechanics: A review},
  author={Cai, Shengze and Mao, Zhiping and Wang, Zhicheng and Yin, Minglang and Karniadakis, George Em},
  journal={arXiv preprint arXiv:2105.09506},
  year={2021}
}

@article{jagtap2020conservative,
  title={Conservative physics-informed neural networks on discrete domains for conservation laws: Applications to forward and inverse problems},
  author={Jagtap, Ameya D and Kharazmi, Ehsan and Karniadakis, George Em},
  journal={Computer Methods in Applied Mechanics and Engineering},
  volume={365},
  pages={113028},
  year={2020},
  publisher={Elsevier}
}

@article{gao2021phygeonet,
  title={PhyGeoNet: physics-informed geometry-adaptive convolutional neural networks for solving parameterized steady-state PDEs on irregular domain},
  author={Gao, Han and Sun, Luning and Wang, Jian-Xun},
  journal={Journal of Computational Physics},
  volume={428},
  pages={110079},
  year={2021},
  publisher={Elsevier}
}

@article{raissi2017inferring,
  title={Inferring solutions of differential equations using noisy multi-fidelity data},
  author={Raissi, Maziar and Perdikaris, Paris and Karniadakis, George Em},
  journal={Journal of Computational Physics},
  volume={335},
  pages={736--746},
  year={2017},
  publisher={Elsevier}
}

@article{karniadakis2021physics,
  title={Physics-informed machine learning},
  author={Karniadakis, George Em and Kevrekidis, Ioannis G and Lu, Lu and Perdikaris, Paris and Wang, Sifan and Yang, Liu},
  journal={Nature Reviews Physics},
  volume={3},
  number={6},
  pages={422--440},
  year={2021},
  publisher={Nature Publishing Group}
}

@article{zhang2020learning,
  title={Learning in modal space: Solving time-dependent stochastic PDEs using physics-informed neural networks},
  author={Zhang, Dongkun and Guo, Ling and Karniadakis, George Em},
  journal={SIAM Journal on Scientific Computing},
  volume={42},
  number={2},
  pages={A639--A665},
  year={2020},
  publisher={SIAM}
}

@article{zhu2019physics,
  title={Physics-constrained deep learning for high-dimensional surrogate modeling and uncertainty quantification without labeled data},
  author={Zhu, Yinhao and Zabaras, Nicholas and Koutsourelakis, Phaedon-Stelios and Perdikaris, Paris},
  journal={Journal of Computational Physics},
  volume={394},
  pages={56--81},
  year={2019},
  publisher={Elsevier}
}

@article{erichson2019physics,
  title={Physics-informed autoencoders for Lyapunov-stable fluid flow prediction},
  author={Erichson, N Benjamin and Muehlebach, Michael and Mahoney, Michael W},
  journal={arXiv preprint arXiv:1905.10866},
  year={2019}
}

@article{reyes2021learning,
  title={Learning unknown physics of non-Newtonian fluids},
  author={Reyes, Brandon and Howard, Amanda A and Perdikaris, Paris and Tartakovsky, Alexandre M},
  journal={Physical Review Fluids},
  volume={6},
  number={7},
  pages={073301},
  year={2021},
  publisher={APS}
}

@article{tartakovsky2020physics,
  title={Physics-informed deep neural networks for learning parameters and constitutive relationships in subsurface flow problems},
  author={Tartakovsky, Alexandre M and Marrero, C Ortiz and Perdikaris, Paris and Tartakovsky, Guzel D and Barajas-Solano, David},
  journal={Water Resources Research},
  volume={56},
  number={5},
  pages={e2019WR026731},
  year={2020},
  publisher={Wiley Online Library}
}

@article{yang2020generative,
  title={Generative Ensemble Regression: Learning Particle Dynamics from Observations of Ensembles with Physics-Informed Deep Generative Models},
  author={Yang, Liu and Daskalakis, Constantinos and Karniadakis, George Em},
  journal={arXiv preprint arXiv:2008.01915},
  year={2020}
}

@article{goswami2019transfer,
  title={Transfer learning enhanced physics informed neural network for phase-field modeling of fracture},
  author={Goswami, Somdatta and Anitescu, Cosmin and Chakraborty, Souvik and Rabczuk, Timon},
  journal={arXiv preprint arXiv:1907.02531},
  year={2019}
}

@article{mishra2020estimates,
  title={Estimates on the generalization error of physics informed neural networks (PINNs) for approximating PDEs},
  author={Mishra, Siddhartha and Molinaro, Roberto},
  journal={arXiv preprint arXiv:2006.16144},
  year={2020}
}

@article{xu2019neural,
  title={The neural network approach to inverse problems in differential equations},
  author={Xu, Kailai and Darve, Eric},
  journal={arXiv preprint arXiv:1901.07758},
  year={2019}
}

@article{hospedales2020meta,
  title={Meta-learning in neural networks: A survey},
  author={Hospedales, Timothy and Antoniou, Antreas and Micaelli, Paul and Storkey, Amos},
  journal={arXiv preprint arXiv:2004.05439},
  year={2020}
}

@article{elsken2019neural,
  title={Neural architecture search: A survey},
  author={Elsken, Thomas and Metzen, Jan Hendrik and Hutter, Frank},
  journal={The Journal of Machine Learning Research},
  volume={20},
  number={1},
  pages={1997--2017},
  year={2019},
  publisher={JMLR. org}
}

@article{baydin2018automatic,
  title={Automatic differentiation in machine learning: a survey},
  author={Baydin, Atilim Gunes and Pearlmutter, Barak A and Radul, Alexey Andreyevich and Siskind, Jeffrey Mark},
  journal={Journal of machine learning research},
  volume={18},
  year={2018},
  publisher={Journal of Machine Learning Research}
}



